@string{AOAS="Annals of Applied Statistics"}
@string{AOAP="Annals of Applied Probability"}
@string{AOS="Annals of Statistics"}
@string{AICEJ="American Institute of Chemical Engineers Journal"}
@string{BWHO="Bulletin of the World Health Organization"}
@string{JCP="Journal of Chemical Physics"}
@string{JRSSB="Journal of the Royal Statistical Society, Series B (Statistical Methodology)"}
@string{JRSSC="Journal of the Royal Statistical Society: Series C (Applied Statistics)"}
@string{JAMA="Journal of the American Medical Association"}
@string{JASA="Journal of the American Statistical Association"}
@string{JAP="Journal of Applied Probability"}
@string{JCGS="Journal of Computational and Graphical Statistics"}
@string{JN="Journal of Neuroscience"}
@string{AJTMH="American Journal of Tropical Medicine and Hygiene"}
@string{JNE="Journal of Neural Engineering"}
@string{CH="Chapman and Hall"}
@string{OUP="Oxford University Press"}
@string{PUP="Princeton University Press"}
@string{CUP="Cambridge University Press"}
@string{CMB="Clinical Microbiology Reviews"}
@string{IJE="International Journal of Epidemiology"},
@string{JBES="Journal of Business and Economic Statistics"}
@string{JRSI="Journal of the  Royal Society Interface"}
@string{TSP="IEEE Transactions on Signal Processing"}
@string{MWR="Monthly Weather Review"}
@string{PLoS-Med="PLoS Medicine"}
@string{PLoS-Bio="PLoS Biology"}
@string{PLoS-CompBio="PLoS Computational Biology"}
@string{PLoS-Path="PLoS Pathogens"}
@string{PLMS="Proceedings of the London Mathematical Society"}
@string{PRSLA="Proceedings of the Royal Society of London, Series A"}
@string{PRSLB="Proceedings of the Royal Society of London, Series B"}
@string{PRSB="Proceedings of the Royal Society of London, Series B"}
@string{AJE="American Journal of Epidemiology"}
@string{AmNat="American Naturalist"}
@string{PNAS="Proceedings of the National Academy of Sciences of the USA"}
@string{AnnStat="Annals of Statistics"}
@string{AppStat="Applied Statistics"}
@string{JMB="Journal of Mathematical Biology"}
@string{SC="Statistics and Computing"}
@string{SM="Statistics in Medicine"}
@string{SPL="Statistics and Probability Letters"}
@string{SS="Statistica Sinica"}
@string{AnnMathStat="Annals of Mathematical Statistics"}
@string{JC="Journal of Climate"}
@string{AIChEJ="American Institute of  Chemical Engineers Journal"}
@string{TRSTMH="Transactions of the Royal Society of Tropical Medicine and Hygiene"}

