
AAAAAAAAAAAA

@book(anderson79, 
author = "Anderson, B. D. and Moore, J. B.", 
year = 1979, 
title = "Optimal Filtering",
publisher = "Prentice-Hall", 
address = "New Jersey"
)

@article(andrieu10, xdoi="10.1111/j.1467-9868.2009.00736.x", textref={Andrieu, C., A. Doucet and R. Holenstein (2010), Particle Markov chain Monte Carlo methods, J. Roy. Stat. Soc B 72:269-342},
author = "Christophe Andrieu and Arnaud Doucet and Roman Holenstein",
year = 2010, 
title = "Particle {M}arkov chain {M}onte {C}arlo methods",
journal = JRSSB,
volume = "72", 
pages = "269--342"
)

@article(andrieu12, doi="",
author = "Andrieu, C. and Vihola, M.",
year = 2012, 
title = "Convergence Properties of Pseudo-Marginal
{M}arkov Chain {M}onte {C}arlo Algorithms",
xjournal = "Arxiv",
journal = "http://arxiv.org/abs/1210.1484v2"
)

@article(andrieu14, doi="",
author = "Andrieu, C. and Vihola, M.",
year = 2014, 
title = "Establishing some order amongst exact approximations of {MCMC}s",
xjournal = "Arxiv",
journal = "http://arxiv.org/abs/1404.6909"
)

@article(arulampalam02, 
author = "Arulampalam, M. S. and Maskell, S. and Gordon, N. and Clapp, T.",
year = 2002, 
title = "A Tutorial on Particle Filters for Online Nonlinear, Non-{G}aussian {B}ayesian Tracking",
journal = TSP,
volume = 50, 
pages = "174 -- 188"
)

BBBBBBBBBBBB

@incollection(bengtsson08, xdoi={10.1007/978-3-642-01094-1}, xurl={http://arxiv.org/abs/0805.3034},
author = "Bengtsson, T. and  Bickel, P. and Li, B.",
year = 2008, 
title = "Curse-of-dimensionality revisited: Collapse of the particle filter in very large scale systems",
booktitle="Probability and Statistics: Essays in Honor of {D}avid {A}. {F}reedman",
editor={Speed, T. and Nolan, D.},
pages = "316--334",
publisher="Institute of Mathematical Statistics",
address="Beachwood, OH"
)

@article(bhadra10, xdoi="10.1111/j.1467-9868.2009.00736.x", textref={Bhadra, A. (2010), Discussion of `Particle Markov chain Monte Carlo methods' by C. Andrieu, A. Doucet and R. Holenstein, J. Roy. Stat. Soc B 72:314-315},
author = "Bhadra, Anindya",
year = 2010, 
title = "Discussion of `Particle {M}arkov chain {M}onte {C}arlo methods' by {C}.\ {A}ndrieu, {A}.\ {D}oucet and {R}.\ {H}olenstein",
journal = JRSSB,
xjournal = {Journal of the Royal Statistical Society, Series B (Statistical Methodology)},
volume = "72", 
pages = "314--315"
)


@article(bhadra11,  xdoi="10.1198/jasa.2011.ap10323",
author = "Bhadra, A. and Ionides, E. L. and Laneri, K. and Pascual, M. and Bouma, M. and Dhiman,  R. C.",
year=2011,
title = "Malaria in {N}orthwest {I}ndia: Data analysis via partially observed stochastic differential equation models driven by {L}\'{e}vy noise",
journal = JASA,
volume = 106,
pages = "440-451"
)

@book{billingsley09,
  title={Convergence of probability measures},
  author={Billingsley, P.},
  edition={2nd},
  year={2009},
  publisher={John Wiley \& Sons},
  address={Hoboken, NJ}
}

@article{blackwood13,xdoi = {10.1073/pnas.1220908110}, text={Blackwood, JC. et al (2013). "Deciphering the impacts of vaccination and immunity on pertussis epidemiology in Thailand." PNAS 110:9595-9600},
author = {Blackwood, J. C. and Cummings, D. A. T. and Broutin, H. and Iamsirithaworn, S. and Rohani, P.}, 
title = {Deciphering the impacts of vaccination and immunity on pertussis epidemiology in {T}hailand},
year = {2013}, 
XURL = {http://www.pnas.org/content/early/2013/05/16/1220908110.abstract}, 
eprint = {http://www.pnas.org/content/early/2013/05/16/1220908110.full.pdf+html}, 
journal = PNAS,
volume = 110,
pages = {9595--9600},
}

@article{blackwood13b,
author = {Blackwood, J. C. and Streicker, D. G. and Altizer, S. and Rohani, P.}, 
title = {Resolving the roles of immunity, pathogenesis, and immigration for rabies persistence in vampire bats},
year = {2013}, 
xdoi = {10.1073/pnas.1308817110}, 
XURL = {http://www.pnas.org/content/early/2013/11/27/1308817110.abstract}, 
eprint = {http://www.pnas.org/content/early/2013/11/27/1308817110.full.pdf+html}, 
journal = PNAS
}

@article{blake14,
author = {Blake, Isobel M. and Martin, Rebecca and Goel, Ajay and Khetsuriani, Nino and Everts, Johannes and Wolff, Christopher and Wassilak, Steven and Aylward, R. Bruce and Grassly, Nicholas C.}, 
title = {The role of older children and adults in wild poliovirus transmission},
volume = {111}, 
number = {29}, 
pages = {10604-10609}, 
year = {2014}, 
xdoi = {10.1073/pnas.1323688111}, 
xURL = {http://www.pnas.org/content/111/29/10604.abstract}, 
eprint = {http://www.pnas.org/content/111/29/10604.full.pdf+html}, 
journal = PNAS
}

@article{bossy04,
  title={A symmetrized {E}uler scheme for an efficient approximation of reflected diffusions},
  author={Bossy, M. and Gobet, E. and Talay, D.},
  journal=JAP,
  pages={877--889},
  year={2004},
}

@article(breto09, xdoi={10.1214/08-AOAS201},
author = "Bret\'{o}, C. and He, D. and Ionides, E. L. and King, A. A.",
year = 2009,
title = "Time Series Analysis via Mechanistic Models",
journal = AOAS,
volume = 3,
pages = "319--348"
)

@article{breto14,xdoi = "http://dx.xdoi.org/10.1016/j.spl.2014.04.003",
title = "On idiosyncratic stochasticity of financial leverage effects",
journal = "Statistics \& Probability Letters ",
volume = "91",
pages = "20--26",
year = "2014",
issn = "0167-7152",
xurl = "http://www.sciencedirect.com/science/article/pii/S0167715214001345",
author = "Carles Bret\'{o}",
}


CCCCCCCCCCC

@article{camacho11,xdoi = {10.1098/rspb.2011.0300}, 
author = {Camacho, Anton and Ballesteros, Sebastien and Graham, Andrea L. and Carrat, Fabrice and Ratmann, Oliver and Cazelles, Bernard}, 
title = {Explaining rapid reinfections in multiple-wave influenza outbreaks: {T}ristan da {C}unha 1971 epidemic as a case study}, 
year=2011,
volume=278,
xnumber=1725,
pages= {3635--3643},
XURL = {http://rspb.royalsocietypublishing.org/content/early/2011/04/22/rspb.2011.0300.abstract}, 
eprint = {http://rspb.royalsocietypublishing.org/content/early/2011/04/22/rspb.2011.0300.full.pdf+html}, 
journal = PRSB
}

@ARTICLE{cappe07,xdoi={10.1109/JPROC.2007.893250},
title={An Overview of Existing Methods and Recent Advances in Sequential {M}onte {C}arlo},
author={Capp\'{e}, O. and Godsill, S.J. and Moulines, E.},
journal={Proc. IEEE},
year={2007},
volume={95},
xnumber={5},
pages={899-924}
}

@article {chopin13,xdoi = {10.1111/j.1467-9868.2012.01046.x},
author = {Chopin, N. and Jacob, P. E. and Papaspiliopoulos, O.},
title = {{SMC}$^2$: an efficient algorithm for sequential analysis of state space models},
journal=JRSSB,
volume = {75},
xnumber = {3},
issn = {1467-9868},
xurl = {http://dx.xdoi.org/10.1111/j.1467-9868.2012.01046.x},
pages = {397--426},
year = {2013},
}

@ARTICLE{crisan02,xdoi={10.1109/78.984773},
title={A survey of convergence results on particle filtering methods for practitioners},
author={Crisan, D. and Doucet, A.},
journal=TSP,
year={2002},
month={Mar},
volume={50},
xnumber={3},
pages={736-746},
ISSN={1053-587X}
}

DDDDDDDDDDDDD

@article{delmoral01,xdoi = "http://dx.xdoi.org/10.1016/S0246-0203(00)01064-5",
title = "On the stability of interacting processes with applications to filtering and genetic algorithms ",
journal = "Annales de l'Institut Henri Poincare (B) Probability and Statistics ",
volume = "37",
xnumber = "2",
pages = "155--194",
year = "2001",
xurl = "http://www.sciencedirect.com/science/article/pii/S0246020300010645",
author = "Del Moral, P. and Guionnet, A.",
}


@incollection(delmoral01b, 
author = "Del Moral, P and Jacod, J.",
year = 2001, 
title = "Interacting Particle Filtering with Discrete Observations",
booktitle = "Sequential \mbox{M}onte \mbox{C}arlo Methods in Practice",
editor = "Doucet, A. and de Freitas, N. and Gordon, N. J.",
pages = "43--75", 
publisher = "Springer",
address =  "New York"
)

@article{delmoral04saa,
  title={Particle motions in absorbing medium with hard and soft obstacles},
  author={Del Moral, Pierre and Doucet, Arnaud},
  journal={Stochastic Analysis and Applications},
  volume={22},
  xnumber={5},
  pages={1175--1207},
  year={2004},
  publisher={Taylor \& Francis}
}

@book(doucet01,
editor = "Doucet, A. and de Freitas, N. and Gordon, N. J.",
year = 2001,
title = "Sequential \mbox{M}onte \mbox{C}arlo Methods in Practice",
address = "New York",
publisher = "Springer"
)


@article {doucet02,   xdoi = {10.1023/A:1013172322619},
   author = {Doucet, Arnaud and Godsill, Simon J. and Robert, Christian P.},
   title = {Marginal maximum a posteriori estimation using {M}arkov chain {M}onte {C}arlo},
   journal = {Statistics and Computing},
   publisher = {Springer Netherlands},
   keyword = {Mathematics and Statistics},
   pages = {77-84},
   volume = {12},
   issue = {1},
   xurl = {http://dx.xdoi.org/10.1023/A:1013172322619},
   year = {2002}
}

@misc(doucet13old, xurl="http://arxiv.org/abs/1304.5768",
author = "Doucet, A. and Jacob, P. E. and Rubenthaler, S.",
year = 2013, 
title = "Derivative-Free Estimation of the Score Vector and Observed Information Matrix with Application to State-Space Models.",
howpublished = "{\it Arxiv}, {\small \texttt{http://arxiv.org/abs/1304.5768}}",
)

@article(doucet13, xurl="http://arxiv.org/abs/1304.5768",
author = "Doucet, A. and Jacob, P. E. and Rubenthaler, S.",
year = 2013, 
title = "Derivative-Free Estimation of the Score Vector and Observed Information Matrix with Application to State-Space Models.",
journal = "Arxiv, {\small \texttt{http://arxiv.org/abs/1304.5768}}",
)


EEEEEEEEEEEE

@article{earn12,xdoi = {10.1059/0003-4819-156-3-201202070-00005}, author = {Earn, David J.D. and He, Daihai and Loeb, Mark B. and Fonseca, Kevin and Lee, Bonita E. and Dushoff, Jonathan}, 
title = {Effects of School Closure on Incidence of Pandemic Influenza in {A}lberta, {C}anada}, 
volume = {156}, 
xnumber = {3}, 
pages = {173-181}, 
year = {2012}, 
XURL = {http://www.annals.org/content/156/3/173.abstract}, 
eprint = {http://www.annals.org/content/156/3/173.full.pdf+html}, 
xjournal = {Annals of Internal Medicine},
journal = {Ann. Intern. Med.} 
}

@ARTICLE{evensen09,xdoi={10.1109/MCS.2009.932223},
author={Evensen, G.},
journal={IEEE Transactions on Control Systems},
title={The ensemble {Kalman} filter for combined state and parameter estimation},
year={2009},
volume={29},
xnumber={3},
pages={83--104},
ISSN={1066-033X},}

@article{eveson95,
  title={Hilbert's projective metric and the spectral properties of positive linear operators},
  author={Eveson, S. P.},
 xjournal={Proceedings of the London Mathematical Society},
 yjournal={Proc. Lond. Math. Soc.},
  journal=PLMS,
  volume={3},
  xnumber={2},
  pages={411--440},
  year={1995},
  publisher={Oxford Univ. Press}
}

FFFFFFFFFFF

   @article{fabian78,
     title = {On Asymptotically Efficient Recursive Estimation},
     author = {Fabian, Vaclav},
     journal = AOS,
     volume = {6},
     xnumber = {4},
     pages = {854-866},
     xurl = {http://www.jstor.org/stable/2958862},
     ISSN = {00905364},
     language = {English},
     year = {1978},
     publisher = {Institute of Mathematical Statistics},
    }

GGGGGGGGGGGGG


 @article{gaetan03,     xurl = {http://www.jstor.org/stable/30042072},
     title = {A Multiple-Imputation {M}etropolis Version of the {EM} Algorithm},
     author = {Gaetan, Carlo and Yao, Jian-Feng},
     journal = {Biometrika},
     volume = {90},
     xnumber = {3},
     pages = {643--654},
     ISSN = {00063444},
     year = {2003},
     publisher = {Biometrika Trust},
    }

HHHHHHHHHHHHH

@article{hastings70,
  title={Monte {C}arlo sampling methods using {M}arkov chains and their applications},
  author={Hastings, W Keith},
  journal={Biometrika},
  volume={57},
  xnumber={1},
  pages={97--109},
  year={1970},
  publisher={Biometrika Trust}
}

@article(he10, xdoi="10.1098/rsif.2009.0151",text={He, D., Ionides, E. L. and King, A. A. (2010). Plug-and-play inference for disease dynamics: Measles in large and small towns as a case study. J. Roy. Soc. Interface 7:271-283},
author = "He, D. and Ionides, E. L. and King, A. A.",
year = 2010, 
title = "Plug-and-play inference for disease dynamics:
  Measles in large and small towns as a case study",
journal = JRSI,
xjournal = "Journal of the Royal Society Interface",
volume = "7",
pages = "271--283 "
)

@article{he11,xdoi={10.1007/s12080-011-0123-3},
   author = {He, Daihai and Dushoff, Jonathan and Day, Troy and Ma, Junling and Earn, David},
   title = {Mechanistic modelling of the three waves of the 1918 influenza pandemic},
   xjournal = {Theoretical Ecology},
   journal = {Theor. Ecol.},
   publisher = {Springer Netherlands},
   pages = {283--288},
   volume = 4,
   year = {2011}
}

@Article{he13,  xdoi = {10.1098/rspb.2013.1345},
  Title                    = {Inferring the causes of the three waves of the 1918 influenza pandemic in {E}ngland and {W}ales.},
  Author                   = {He, Daihai and Dushoff, Jonathan and Day, Troy and Ma, Junling and Earn, David J D.},
  Journal                  = PRSB,
  Year                     = {2013},
  Xnumber                   = {1766},
  Pages                    = {20131345},
  Volume                   = {280},
}

@ARTICLE{holst91,
author={Holst, U. and Lindgren, G.},
journal={Information Theory, IEEE Transactions on},
title={Recursive estimation in mixture models with Markov regime},
year={1991},
month={nov},
volume={37},
xnumber={6},
pages={1683-1690},
keywords={hidden Markov chain;information matrix;mixture models;parameter estimation;recursive algorithm;symmetric normal mixture;Markov processes;information theory;parameter estimation;},
xdoi={10.1109/18.104334},
ISSN={0018-9448},}

IIIIIIIIIII

@ARTICLE{ingber93,xdoi={10.1016/0895-7177(93)90204-C},
    xurl={http://www.sciencedirect.com/science/article/B6V0V-45GN6F6-7R/2/89213d81ef696b4fb68b1a66741d118c},
    author = {Ingber, L.},
    title = {Simulated annealing: Practice versus theory},
    journal = {Mathematical and Computer Modelling},
    year = {1993},
    volume = {18},
    pages = {29--57}
}

@article(ionides06-pnas,xdoi="10.1073/pnas.0603181103",
author = "Ionides, E. L. and Bret\'{o}, C. and King, A. A.",
year = 2006,
title = "Inference for nonlinear dynamical systems",
journal = PNAS,
xjournal = "Proceedings of the National Academy of Sciences of the USA",
volume = "103",
pages = "18438--18443"
)

@article{ionides11,xdoi="10.1214/11-AOS886",
  author = {Ionides, Edward L. and Bhadra, Anindya and Atchad\'{e}, Y.  and  King, Aaron A.},
  title = {Iterated Filtering},
  year = 2011,
  journal = AOS,
  volume = 39,
  pages = "1776--1802"
}

JJJJJJJJJJJJJJ

@book {jacod87,
    AUTHOR = {Jacod, Jean and Shiryaev, Albert N.},
     TITLE = {Limit theorems for stochastic processes},
    xSERIES = {Grundlehren der Mathematischen Wissenschaften [Fundamental
              Principles of Mathematical Sciences]},
    xVOLUME = {288},
 PUBLISHER = {Springer-Verlag},
 ADDRESS   = {Berlin},
      YEAR = {1987},
     xPAGES = {xviii+601},
      ISBN = {3-540-17882-1},
       XDOI = {10.1007/978-3-662-02514-7},
       XURL = {http://dx.xdoi.org/10.1007/978-3-662-02514-7},
}

@article{jacquier07,xdoi = "10.1016/j.jeconom.2005.11.017",
title = "{MCMC} maximum likelihood for latent state models",
xjournal = "Journal of Econometrics",
journal = "J. Econometrics",
volume = "137",
xnumber = "2",
pages = "615--640",
year = "2007",
note = "",
issn = "0304-4076",
xurl = "http://www.sciencedirect.com/science/article/pii/S0304407606000704",
author = "Eric Jacquier and Michael Johannes and Nicholas Polson",
}

@article(johansen08b, xdoi="xdoi:10.1016/j.spl.2008.01.032",xurl={http://www2.warwick.ac.uk/fac/sci/statistics/staff/academic/johansen/publications/JD08.pdf},
author = "A. M. Johansen and A. Doucet",
year = 2008, 
title = "A note on the auxiliary particle filter",
journal = SPL,
volume = 78, 
pages = "1498--1504"
)

@ARTICLE{julier04,xdoi={10.1109/JPROC.2003.823141},
author={Julier, S.J. and Uhlmann, J.K.},
journal={Proc. IEEE}, 
xjournal={Proceedings of the IEEE}, 
title={Unscented filtering and nonlinear estimation},
year={2004},
xmonth=mar,
volume={92},
xnumber={3},
pages={401--422}
}

KKKKKKKKKKKKK

@book(keeling09, 
author = "Keeling, M and Rohani, P.", 
year = 2009, 
title = "Modeling Infectious Diseases in Humans and Animals",
publisher = PUP,
address = "Princeton, NJ"
)

@article(king08, xdoi={10.1038/nature07084},
author = "A. A. King and E. L. Ionides and M. Pascual and M. J. Bouma",
year = 2008,
title = "Inapparent infections and cholera dynamics",
journal = "Nature",
volume = "454",
pages = "877--880"
)

@article{kirkpatrick83,
  title={Optimization by simmulated annealing},
  author={Kirkpatrick, Scott and Gelatt, C. D. and Vecchi, Mario P},
  journal={Science},
  volume={220},
  xnumber={4598},
  pages={671--680},
  year={1983},
  publisher={Washington}
}

@article(kitagawa98, xurl="http://www.jstor.org/stable/2669862",
author = "Kitagawa, G.", 
year = 1998, 
title = "A Self-Organising State-Space Model",
journal = JASA,
xjournal = "Journal of the American Statistical Association",
volume = 93, 
pages = "1203--1215" 
)

@misc{pomp2,
  title = {pomp: Statistical inference for partially observed Markov processes},
howpublished={R package, available at {\small \texttt{http://cran.r-project.org/web/packages/pomp}}},
  author = {Aaron A. King and Edward L. Ionides and Carles Martinez Bret\'o and	Steve Ellner and Bruce Kendall},
  year = {2009},
  xurl = {http://pomp.r-forge.r-rproject.org}
}

@article{pomp,
  title = {pomp: Statistical inference for partially observed Markov processes},
 journal={R package, available at {\small \texttt{http://cran.r-project.org/web/packages/pomp}}},
  author = {Aaron A. King and Edward L. Ionides and Carles Martinez Bret\'o and	Steve Ellner and Bruce Kendall},
  year = {2009},
  xurl = {http://pomp.r-forge.r-rproject.org}
}

@book(kushner78, 
author = "H. J. Kushner and D. S. Clark", 
year = 1978, 
title = "Stochastic Approximation Methods for Constrained and Unconstrained Systems",
publisher = "Springer-Verlag",
address = "New York"
)

LLLLLLLLLLLLLLLLLL

@article(laneri10, xdoi={10.1371/journal.pcbi.1000898}, text={Laneri, K, A Bhadra, EL Ionides, M Bouma, R Yadav, R Dhiman and M Pascual (2010). Forcing versus feedback: Epidemic malaria and monsoon rains in NW India. PLoS Computational Biology 6:e1000898. http://dx.doi.org//10.1371/journal.pcbi.1000898},
author = "Karina Laneri  and Anindya Bhadra and Edward L. Ionides and Menno Bouma and R. Yadav and R. Dhiman and  Mercedes Pascual",
year=2010,
title = "Forcing versus feedback: Epidemic malaria and monsoon rains in {NW} {I}ndia",
journal =PLoS-CompBio,
volume = "6",
pages = "e1000898"
)


   @article{legland04,     xurl = {http://www.jstor.org/stable/4140493},  title = {Stability and Uniform Approximation of Nonlinear Filters Using the {H}ilbert Metric and Application to Particle Filters},
     author = {Le Gland, Francois and Oudjane, Nadia},
     journal = AOAP,
     volume = {14},
     pages = {144--187},
      year = {2004},
     publisher = {Institute of Mathematical Statistics},    
     }
  
@article {lele07,xdoi = {10.1111/j.1461-0248.2007.01047.x},
author = {Lele, Subhash R. and Dennis, Brian and Lutscher, Frithjof},
title = {Data cloning: easy maximum likelihood estimation for complex ecological models using {B}ayesian {M}arkov chain {M}onte {C}arlo methods},
journal = {Ecology Letters},
volume = {10},
xnumber = {7},
publisher = {Blackwell Publishing Ltd},
issn = {1461-0248},
xurl = {http://dx.doi.org/10.1111/j.1461-0248.2007.01047.x},
pages = {551--563},
year = {2007},
}

@article{lele10,xdoi={10.1198/jasa.2010.tm09757}, author = {Lele, Subhash R. and Nadeem, Khurram and Schmuland, Byron},
title = {Estimability and Likelihood Inference for Generalized Linear Mixed Models Using Data Cloning},
journal=JASA,
volume = {105},
xnumber = {492},
pages = {1617--1625},
year = {2010},
XURL = {http://pubs.amstat.org/doi/abs/10.1198/jasa.2010.tm09757},
eprint = {http://pubs.amstat.org/doi/pdf/10.1198/jasa.2010.tm09757}
}

@article(lindstrom12, xdoi="10.3182/20120711-3-BE-2027.00300",
author = {Lindstr\"{o}m, E. and Ionides, E. L. and Frydendall, J. and Madsen, H.},
year = 2012, 
title = "Efficient Iterated Filtering",
xjournal = "System Identification",
journal= "16th IFAC Symposium on System Identification",
volume = 16, 
pages = "1785--1790"
)

@book(liu01a, 
author = "Liu, J. S.", 
year = 2001, 
title = "Monte \mbox{C}arlo Strategies in Scientific Computing",
publisher = "Springer", 
address = "New York" 
)

@incollection(janeliu01, text={Liu, J and West, M. (2001). Combining Parameter and State Estimation in Simulation-Based Filtering. In "Sequential Monte Carlo Methods in Practice" (edited by Doucet, A., de Freitas, N. and Gordon, N. J.)},
author = "Liu, J and West, M.",
year = 2001, 
title = "Combining Parameter and State Estimation in Simulation-Based Filtering",
booktitle = "Sequential \mbox{M}onte \mbox{C}arlo Methods in Practice",
editor = "Doucet, A. and de Freitas, N. and Gordon, N. J.",
pages = "197--224", 
publisher = "Springer", 
address = "New York"
)

@ARTICLE{ljung79,
author={ Ljung, L.},
journal={Automatic Control, IEEE Transactions on},
title={Asymptotic behavior of the extended Kalman filter as a parameter estimator for linear systems},
year={1979},
month={feb},
volume={24},
xnumber={1},
pages={ 36 - 50},
keywords={ Kalman filtering; Linear systems, stochastic discrete-time; Parameter estimation;},
xdoi={10.1109/TAC.1979.1101943},
ISSN={0018-9286},}

MMMMMMMMMMMMMMMM

@article{metropolis53,
  title={Equation of state calculations by fast computing machines},
  author={Metropolis, Nicholas and Rosenbluth, Arianna W and Rosenbluth, Marshall N and Teller, Augusta H and Teller, Edward},
  xjournal={The Journal of Chemical Physics},
  journal=JCP,
  volume={21},
  xnumber={6},
  pages={1087--1092},
  year={1953},
  publisher={AIP Publishing}
}

NNNNNNNNNNNNNNN

OOOOOOOOOOOOOOO

PPPPPPPPPPPPPPPP

@article(pitt99, xurl="http://www.jstor.org/stable/2670179",
author = "Pitt, M. K. and Shepard, N.",
year = 1999, 
title = "Filtering via simulation: Auxillary particle filters",
journal = JASA,
volume = 94, 
pages = "590--599"
)

QQQQQQQQQQQQQQQQ

RRRRRRRRRRRRRRRR

@article(roy13, xdoi={10.1371/journal.pntd.0001979},
author = "Roy, M. and Bouma, M. J. and Ionides, E. L. and Dhiman, R. C. and Pascual, M.",
year = 2013, 
title = "The potential elimination of {P}lasmodium vivax malaria by relapse treatment: Insights from a transmission model and surveillance data from {NW} {I}ndia",
journal = PLoS-NegTropDis,
volume = 7, 
pages = "e1979"
)

@article{ryden97,
title = "On recursive estimation for hidden Markov models",
journal = "Stochastic Processes and their Applications",
volume = "66",
xnumber = "1",
pages = "79 - 96",
year = "1997",
note = "",
issn = "0304-4149",
xdoi = "10.1016/S0304-4149(96)00114-7",
xurl = "http://www.sciencedirect.com/science/article/pii/S0304414996001147",
author = "Tobias Ryd\'{e}n"
}

SSSSSSSSSSSS

@article{shaman12,xdoi = {10.1073/pnas.1208772109},text={Shaman, J. and A. Karspeck (2012). Forecasting seasonal outbreaks of influenza. PNAS 109:20425-20430.},
author = {Shaman, Jeffrey and Karspeck, Alicia}, 
title = {Forecasting seasonal outbreaks of influenza},
volume = {109}, 
xnumber = {50}, 
pages = {20425-20430}, 
year = {2012}, 
XURL = {http://www.pnas.org/content/109/50/20425.abstract}, 
eprint = {http://www.pnas.org/content/109/50/20425.full.pdf+html}, 
journal = PNAS
}

@article{shrestha11,    xdoi = {10.1371/journal.pcbi.1002135}, text={Shrestha, S., A. A. King and P. Rohani (2011). "Statistical Inference for Multi-Pathogen Systems". PLoS Comput Biol 7:e1002135. http://dx.doi.org/10.1371/journal.pcbi.1002135},
    author = {Shrestha, Sourya AND King, Aaron A. AND Rohani, Pejman},
    xjournal = {PLoS Comput Biol},
    journal = PLoS-CompBio,
    publisher = {Public Library of Science},
    title = {Statistical Inference for Multi-Pathogen Systems},
    year = {2011},
    month = {08},
    volume = {7},
    xurl = {http://dx.doi.org/10.1371%2Fjournal.pcbi.1002135},
    pages = {e1002135},
    xnumber = {8},
}        

@article{shrestha13,xdoi = {10.1126/scitranslmed.3005982}, 
author = {Shrestha, Sourya and Foxman, Betsy and Weinberger, Daniel M. and Steiner, Claudia and Viboud, C\'{e}cile and Rohani, Pejman}, 
title = {Identifying the Interaction Between Influenza and Pneumococcal Pneumonia Using Incidence Data},
volume = {5}, 
xnumber = {191}, 
pages = {191ra84}, 
year = {2013}, 
XURL = {http://stm.sciencemag.org/content/5/191/191ra84.abstract}, 
eprint = {http://stm.sciencemag.org/content/5/191/191ra84.full.pdf}, 
xjournal = {Science Translational Medicine},
journal = {Science Transl. Med.} 
}

@ARTICLE{storvik02,xdoi={10.1109/78.978383},
title={Particle filters for state-space models with the presence of unknown static parameters},
author={Storvik, G.},
xjournal={IEEE Transactions on Signal Processing},
yjournal={IEEE Trans. Sig. Proc.},
journal=TSP,
year={2002},
month={Feb},
volume={50},
xnumber={2},
pages={281-289},
ISSN={1053-587X} }

TTTTTTTTTTTTTT

@article(toni09, xdoi="10.1098/rsif.2008.0172", text={Toni et al (2009). Approximate Bayesian computation scheme for parameter inference and model selection in dynamical systems. J. Roy. Soc. Interface 6:187-202.},
author = "Tina Toni and David Welch and Natalja Strelkowa and Andreas Ipsen and Michael P.H. Stumpf",
year = 2009, 
title = "Approximate {B}ayesian computation scheme for parameter inference and model selection in dynamical systems",
journal = JRSI,
volume = "6", 
pages = " 187-202"
)

UUUUUUUUUUU

VVVVVVVVVVVV

WWWWWWWWWWWWW

@INPROCEEDINGS{wan00,xdoi={10.1109/ASSPCC.2000.882463},title={The unscented {K}alman filter for nonlinear estimation},
author={Wan, E.A. and van der Merwe, R.},
booktitle={Adaptive Systems for Signal Processing, Communications, and Control, Symposium 2000},
xpublisher={IEEE},
organization={IEEE},
year={2000},
month={},
volume={},
xnumber={},
pages={153--158},
ISSN={}}

@article{whiteley12,
  title={Linear variance bounds for particle approximations of time-homogeneous {F}eynman--{K}ac formulae},
  author={Whiteley, Nick and Kantas, Nikolas and Jasra, Ajay},
  journal={Stochastic Processes and their Applications},
  volume={122},
  xnumber={4},
  pages={1840--1865},
  year={2012},
  publisher={Elsevier}
}

@ARTICLE{whiteley13,
   author = {Whiteley, N.},
    title = "{Stability properties of some particle filters}",
  journal=AOAP,
  volume={23},
  xnumber={6},
  pages={2500--2537},
  year={2013},
}

@book(wilkinson12, 
author = "Wilkinson, D. J.", 
year = 2012, 
title = "Stochastic Modelling for Systems Biology",
publisher = "Chapman \& Hall",
address = "Boca Raton, FL"
)

@Article{wood10,       XDOI={10.1038/nature09319}, xurl={http://dx.doi.org/10.1038/nature09319}, title={Statistical inference for noisy nonlinear ecological dynamic systems}, text={Wood (2010). Statistical inference for noisy nonlinear ecological dynamic systems. Nature 466:1102-1104.},
        Author={Wood, Simon N.},
       journal={Nature},
        Pages={1102--1104},
        Year={2010},
         Volume={466},
        xNumber={7310},
        XURL={http://dx.doi.org/10.1038/nature09319},
}

XXXXXXXXXXXXXX

YYYYYYYYYYYYY

@article{yang14,xdoi={10.1371/journal.pcbi.1003583},
  title={Comparison of Filtering Methods for the Modeling and Retrospective Forecasting of Influenza Epidemics},
  author={Yang, Wan and Karspeck, Alicia and Shaman, Jeffrey},
  journal=PLoS-CompBio,
  volume={10},
  xnumber={4},
  pages={e1003583},
  year={2014},
  publisher={Public Library of Science}
}

ZZZZZZZZZZZ