@string{AICEJ="AIChE J."}
@string{BWHO="Bull. Wld. Hlth. Org."}
@string{MWR="Mon. Weather Rev."}
@string{PLoSMed="PLoS Med."}
@string{AJE="Am. J. Epid."}
@string{AmNat="Am. Nat."}
@string{AOAS="Ann. Appl. Stat."}
@string{PNAS="Proc. Natl. Acad. Sci. USA"}
@string{PRSB="Proc. R. Soc. B"}
@string{JAP="J. Appl. Prob."}
@string{JCP="J. Chem. Phys."}
@string{JRSI="J. R. Soc. Interface"}
@string{JRSSB="J. R. Stat. Soc. B"}
@string{JASA="J. Am. Stat. Assoc."}
@string{AnnStat="Ann.  Stat."}
@string{JMB="J. Math. Biol."}
@string{PRSLA="Proc. R. Soc. Lond. A"}
@string{PLMS="Proc. Lond. Math. Soc."}
@string{SS="Stat. Sin."}
@string{TSP="IEEE Trans. Sig. Proc."}
@string{AnnMathStat="Ann. Math. Stat."}
@string{AppStat="Appl. Stat."}
@string{OUP="Oxford Univ. Press"}
@string{PUP="Princeton Univ. Press"}
@string{CUP="Cambridge Univ. Press"}
@string{CH="Chapman \& Hall"}
@string{AIChEJ="Am. Inst. Chemical Engineers J."}
@string{AOAP="Ann. Appl. Prob."}
@string{AOS="Ann. Stat."}
@string{PLoS-Med="PLoS Med."}
@string{PLoS-Bio="PLoS Biol."}
@string{PLoS-CompBio="PLoS Comp. Biol."}
@string{TSP="IEEE Trans. Sig. Proc."}
@string{PLoS-Path="PLoS Path."}
@string{PLoS-NegTropDis="PLoS Neg. Trop. Dis."}
@string{SPL="Stat. Prob. Letters"}